% Encoding: UTF-8

@Book{anderson,
  title =     {Kanban. Evolutionäres Change Management für IT-Organisationen},
  publisher = {dpunkt.Verlag},
  year =      {2012},
  author =    {David J. Anderson}
}

@Book{antolovic,
  title =     {Einf{\"u}hrung in SAPUI5},
  publisher = {Galileo Press, Bonn},
  year =      {2014},
  author =    {Miroslav Antolovic},
  editor =    {Kerstin Billen},
  owner =     {D060678},
  timestamp = {2015.05.05}
}

@Book{balzert,
  title =     {Lehrbuch der Softwaretechnik: Entwurf, Implementierung, Installation und Betrieb},
  publisher = {Spektrum Akademischer Verlag Heidelberg},
  year =      {2011},
  author =    {Helmut Balzert},
  owner =     {D060678},
  timestamp = {2015.05.29}
}

@Book{baun,
  title =     {Cloud Computing. Web-basierte dynamische IT-Services},
  publisher = {Springer Verlag, Heidelberg},
  year =      {2011},
  author =    {Christian Baun and Prof. Jens Nimis and Marcel Kunze and Stefan Tai},
  owner =     {D060678},
  timestamp = {2015.05.06}
}

@Article{boehnke,
  author =    {Michael Boehnke},
  title =     {SAP Fiori},
  year =      {2015},
  note =      {02.06.2015},
  comment =   {02.06.2015},
  date =      {02.06.2015},
  owner =     {D060678},
  timestamp = {2015.06.02},
  url =       {http://www.sap-cio.de/neue-beitrage/losungen/database-technologie/sap-fiori/}
}

@Book{boennen,
  title =     {OData und SAP Gateway},
  publisher = {Galileo Press, Bonn},
  year =      {2014},
  author =    {Carsten Boennen and Volker Drees and Andre Fischer and Ludwig Heinz and Karsten Strothmann},
  owner =     {D060678},
  timestamp = {2015.06.02}
}

@Book{bonsiepe,
  title =     {Interface Design neu begreifen},
  publisher = {Bollmann Verlag, Mannheim},
  year =      {1996},
  author =    {G. Bonsiepe},
  owner =     {D060678},
  timestamp = {2015.05.06}
}

@Electronic{CaaS,
  year =  {2012},
  title = {CaaS},
  note =  {23.03.2016},
  url =   {https://wiki-stag.wdf.sap.corp/wiki/display/ODLoBERM/CaaS}
}

@Book{chlebek,
  title =     {Praxis der User Interface-Entwicklung. Informationsstrukturen, Designpatterns, Vorgehensmuster},
  publisher = {Vieweg+Teubner Verlag, Wiesbaden},
  year =      {2011},
  author =    {Paul Chlebek},
  editor =    {Christel Ro{\"s}},
  owner =     {D060678},
  timestamp = {2015.05.06}
}

@Book{disterer,
  title =     {Mobile Endger{\"a}te im Unternehmen. Technische Ans{\"a}tze, Compliance-Anforderungen, Management},
  publisher = {Springer Fachmedien Wiesbaden},
  year =      {2014},
  author =    {Georg Disterer and Carsten Kleiner},
  owner =     {D060678},
  timestamp = {2015.05.29}
}

@Book{feathers,
  title =     {Effektives Arbeiten mit Legacy Code. Refactoring und Testen bestehender Software},
  publisher = {mitp-Verlag},
  year =      {2011},
  author =    {Michael C. Feathers}
}

@PhdThesis{fielding,
  author =    {Roy Thomas Fielding},
  title =     {Architectural Styles and the Design of Network-based Software Architectures},
  school =    {UNIVERSITY OF CALIFORNIA, IRVINE},
  year =      {2000},
  owner =     {D060678},
  timestamp = {2015.05.06}
}

@Booklet{Fiori-Design-Master-Detail,
  title =     {SAP Fiori Split Screen Layout},
  note =      {17.06.2015},
  date =      {17.06.2015},
  owner =     {D060678},
  timestamp = {2015.06.03},
  url =       {https://experience.sap.com/fiori-design/floorplans/split-screen/}
}

@Booklet{Fiori-Guidelines,
  title =     {SAP Fiori and Design Principles},
  note =      {03.06.2015},
  date =      {03.06.2015},
  owner =     {D060678},
  timestamp = {2015.06.03},
  url =       {https://experience.sap.com/fiori-design/foundation/design-principles/}
}

@Book{martin,
  title =     {Clean Code. Refactoring, Patterns, Testen und Techniken für sauberen Code},
  publisher = {mitp-Verlag},
  year =      {2009},
  author =    {Robert C. Martin},
  editor =    {Michael C. Feathers AND Timothy R. Ottinger AND Jeffrey J. Langr AND Brett L. Schuchert AND James W. Grenning AND Kevin Dean Wampler},
  owner =     {D060678},
  timestamp = {2015.05.05}
}

@Article{martin1,
  author =    {Robert C. Martin},
  title =     {Professionalism and Test-Driven Development: Principles, Patterns and Practices},
  journal =   {IEEE Software},
  year =      {2007},
  volume =    {24},
  number =    {3},
  pages =     {32-36},
  month =     {June},
  publisher = {IEEE-Software}
}

@Booklet{marz,
  title =  {Building SAP Fiori-like UIs with SAPUI5},
  author = {Thomas Marz and Frederic Berg and Bertram Ganz and Oliver Graeff},
  year =   {2014},
  note =   {01.06.2015},
  owner =  {D060678},
  url =    {http://www.sdn.sap.com/irj/scn/go/portal/prtroot/docs/library/uuid/8022ac87-1f60-3110-5383-fa68a91d7f8b?QuickLink=index&overridelayout=true&59017145622993}
}

@Book{meszaros,
  title =     {xUnit Test Patterns. Refactoring Test Code},
  publisher = {Addison-Wesley},
  year =      {2007},
  author =    {Gerard Meszaros}
}

@Book{MobileTest,
  title =     {Handbuch zum Testen von Web- und Mobile-Apps. Testverfahren, Werkzeuge, Praxistipps},
  publisher = {Springer-Verlag Berlin Heidelberg},
  year =      {2015},
  author =    {Klaus Franz},
  owner =     {D060678},
  timestamp = {2015.05.29}
}

@Manual{odata,
  title =        {OData Version 4.0 Part 1: Protocol Plus Errata 02},
  author =       {Michael Pizzo and Ralf Handl and Martin Zurmuehl},
  organization = {OASIS Open Data Protocol Technical Committee},
  month =        {October},
  year =         {2014},
  owner =        {D060678},
  timestamp =    {2016.03.11},
  url =          {http://docs.oasis-open.org/odata/odata/v4.0/os/part1-protocol/odata-v4.0-os-part1-protocol.pdf}
}

@Manual{odata2,
  title =        {OData Version 4.0 Part 2: URL Conventions Plus Errata 02},
  author =       {Michael Pizzo and Ralf Handl and Martin Zurmuehl},
  organization = {OASIS Open Data Protocol Technical Committee},
  month =        {October},
  year =         {2014},
  owner =        {D060678},
  timestamp =    {2016.03.11},
  url =          {http://docs.oasis-open.org/odata/odata/v4.0/odata-v4.0-part2-url-conventions.pdf}
}

@Booklet{OData-Dokumentation-URI,
  title =     {OData Version 2.0 URI Conventions},
  note =      {03.06.2015},
  date =      {03.06.2015},
  owner =     {D060678},
  timestamp = {2015.06.03},
  url =       {http://www.odata.org/documentation/odata-version-2-0/uri-conventions/}
}

@Book{SmartMobile,
  title =     {SmartMobile Apps. Mit Business-Apps ins Zeitalter mobiler Gesch{\"a}ftsprozesse},
  publisher = {Springer-Verlag Berlin Heidelberg},
  year =      {2012},
  author =    {Stephan Verclas and Claudia Linnhoff-Popien},
  owner =     {D060678},
  timestamp = {2015.05.28}
}

@Book{thesmann,
  title =     {Einf{\"u}hrung in das Design multimedialer Webanwendungen},
  publisher = {Vieweg+Teubner |GWV Fachverlage GmbH, Wiesbaden},
  year =      {2010},
  author =    {Stephan Thesmann},
  owner =     {D060678},
  timestamp = {2015.05.29}
}

@Article{vogt,
  author =    {Linda Vogt},
  title =     {Wie sieht die Architektur von SAP Fiori Anwendungen aus?},
  year =      {2015},
  note =      {29.05.2015},
  date =      {29.05.2015},
  owner =     {D060678},
  timestamp = {2015.05.29},
  url =       {http://inspiricon.de/blog/2015/04/16/architektur-sap-fiori/}
}

@Article{vogt-ui5-fiori,
  author =    {Linda Vogt},
  title =     {Was ist SAP Fiori? Und was versteht man unter SAPUI5?},
  year =      {2015},
  note =      {03.06.2015},
  date =      {03.06.2015},
  owner =     {D060678},
  timestamp = {2015.06.03},
  url =       {http://inspiricon.de/blog/2015/02/24/sap-fiori-sapui5/}
}

@Book{wilde,
  title =     {REST: Advanced Research Topics and Practical Applications},
  publisher = {Springer Verlag New York},
  year =      {2014},
  author =    {Erik Wilde and Cesare Pautasso and Rosa Alarcon},
  owner =     {D060678},
  timestamp = {2015.05.06}
}

